% This file was created with JabRef 2.10b2.
% Encoding: UTF8


@InCollection{Alvin1967,
  Title                    = {Gymnospermophyta},
  Author                   = {Alvin, K. L. and Barnard, P. D. W. and Harris, T. M. and Hughes, N. F. and Wagner, R. H. and Wesley, A.},
  Booktitle                = {The Fossil Record},
  Publisher                = {Geological Society},
  Year                     = {1967},

  Address                  = {London},
  Editor                   = {Harland, W. B. and Holland, C. H. and House, M. R. and Hughes, N. F. and Reynolds, A. B. and Rudwick, M. J. S. and Satterthwaite, G. E. and Tarlo, L. B. H. and Willey, E. C.},
  Pages                    = {247--268},

  Owner                    = {gregor},
  Timestamp                = {2014.09.21}
}

@Book{Arno1991,
  Title                    = {Mesozoic Coleoptera},
  Author                   = {Arnol'di, L. V. and Zherikhin, V. V. and Nikritin, L. M. and Ponomarenko, A. G.},
  Publisher                = {Oxonian Press},
  Year                     = {1991},

  Address                  = {New Dehli},

  Owner                    = {gregor},
  Pages                    = {285},
  Timestamp                = {2014.09.21}
}

@Article{Ash1997,
  Title                    = {Evidence of arthropod-plant interactions in the Upper Triassic of the southwestern United States},
  Author                   = {Ash, S.},
  Journal                  = {Lethaia},
  Year                     = {1997},
  Pages                    = {237--248},
  Volume                   = {29},

  Owner                    = {gregor},
  Timestamp                = {2014.09.21}
}

@Book{Augusta1960,
  Title                    = {Tiere der Urzeit},
  Author                   = {Augusta, J. and Burian, Z.},
  Publisher                = {Interbooks},
  Year                     = {1960},

  Address                  = {ZÃ¼rich},

  Owner                    = {gregor},
  Pages                    = {48},
  Timestamp                = {2014.09.21}
}

@Article{Till36,
  Title                    = {A New Upper Triassic Fossil Insect Bed in Queensland},
  Author                   = {Tillyard, R. J.},
  Journal                  = {Nature},
  Year                     = {1936},
  Pages                    = {719--720},
  Volume                   = {138},

  Owner                    = {gregor},
  Timestamp                = {2014.09.21}
}

